@misc{turk1994,
author = {Turk, Greg and Levoy, Marc},
publisher = {Stanford University Computer Graphics Laboratory},
title = {{The stanford bunny}},
url = {http://graphics.stanford.edu/data/3Dscanrep/},
year = {1994}
}

@misc{turk19942,
author = {Turk, Greg and Levoy, Marc},
publisher = {Stanford University Computer Graphics Laboratory},
title = {{The stanford bunny}},
url = {http://graphics.stanford.edu/data/3Dscanrep/},
year = {1994}
}
